@inproceedings{oh-fab,
	Author = {Oh, Y. and Johnson, G. and Gross, Mark D. and Ellen Yi-Luen Do},
	Booktitle = {2nd Int. Conf. on Design Computing and Cognition (DCC06)},
	Title = {The {Designosaur} and the {Furniture Factory}: Simple Software for Fast Fabrication},
	Year = {2006}}
