@inproceedings{johnson-flatcad,
	Author = {Gabe Johnson},
	Booktitle = {Proceedings of IEEE Symposium on Visual Languages and Human-Centric Computing},
	Title = {{FlatCAD} and {FlatLang}: Kits by Code},
	Year = {2008 (to appear)}}
