@inproceedings{johnson-flow-selection,
	Address = {Venice, Italy},
	Author = {Johnson, Gabe and Gross, Mark D and Do, Ellen Yi-Luen},
	Booktitle = {2006 Conference on Advanced Visual Interfaces},
	Pages = {83-86},
	Title = {Flow Selection: A Time-Based Selection and Operation Technique for Sketching Tools},
	Year = {2006}}
