
@article{johnson-sketch-review,
	Author = {Gabe Johnson and Mark D. Gross and Jason Hong and Ellen Yi-Luen Do},
	Journal = {Foundations and Trends in Human-Computer Interaction},
	Number = {1},
	Pages = {1-93},
	Title = {Computational Support for Sketching in Design: a Review},
	Volume = {2},
	Year = {2009}}

@inproceedings{johnson-picturephone,
	Author = {Gabe Johnson},
	Booktitle = {IUI '09 Workshop on Sketch Recognition},
	Title = {Picturephone: A Game for Sketch Data Capture},
	Year = {2009}}

@inproceedings{johnson-flatcad,
	Author = {Gabe Johnson},
	Booktitle = {Proceedings of IEEE Symposium on Visual Languages and Human-Centric Computing},
	Title = {{FlatCAD} and {FlatLang}: Kits by Code},
	Year = {2008 (to appear)}}

@inproceedings{oh-fab,
	Author = {Oh, Y. and Johnson, G. and Gross, Mark D. and Ellen Yi-Luen Do},
	Booktitle = {2nd Int. Conf. on Design Computing and Cognition (DCC06)},
	Title = {The {Designosaur} and the {Furniture Factory}: Simple Software for Fast Fabrication},
	Year = {2006}}

@inproceedings{johnson-flow-selection,
	Address = {Venice, Italy},
	Author = {Johnson, Gabe and Gross, Mark D and Do, Ellen Yi-Luen},
	Booktitle = {2006 Conference on Advanced Visual Interfaces},
	Pages = {83-86},
	Title = {Flow Selection: A Time-Based Selection and Operation Technique for Sketching Tools},
	Year = {2006}}
