@inproceedings{johnson-picturephone,
	Author = {Gabe Johnson},
	Booktitle = {IUI '09 Workshop on Sketch Recognition},
	Title = {Picturephone: A Game for Sketch Data Capture},
	Year = {2009}}
