
@inproceedings{johnson-sketching-games,
	Author = {Gabe Johnson and Ellen Yi-Luen Do},
	Booktitle = {EUROGRAPHICS Symposium on Sketch-Based Interfaces and Modeling (SBIM 2009)},
	Date-Added = {2009-06-29 10:26:11 -0400},
	Date-Modified = {2009-06-29 10:27:43 -0400},
	Editor = {C. Grimm and J. J. LaViola Jr.},
	Title = {Games For Sketch Data Collection},
	Year = {2009}}
