%% This BibTeX bibliography file was created using BibDesk.
%% http://bibdesk.sourceforge.net/


%% Created for Gabe Johnson at 2012-02-12 21:37:01 -0500 


%% Saved with string encoding Unicode (UTF-8) 



@electronic{nyt-rapidfab,
	Author = {{New York Times}},
	Date-Added = {2012-02-12 21:36:59 -0500},
	Date-Modified = {2012-02-12 21:36:59 -0500},
	Lastchecked = {May 2011},
	Month = {September},
	Title = {{3-D} printing spurs a manufacturing revolution, http://www.nytimes.com/2010/09/14/technology/14print.html},
	Year = {2010}}

@article{economist-fab,
	Author = {{The Economist}},
	Date-Added = {2012-02-12 21:36:53 -0500},
	Date-Modified = {2012-02-12 21:36:53 -0500},
	Month = {September},
	Title = {A factory on your desk. http://www.economist.com/node/14299512},
	Year = {2009}}

@article{gross-new-makers,
	Author = {Mark D. Gross and Ellen Yi-Luen Do},
	Date-Added = {2012-02-12 21:36:44 -0500},
	Date-Modified = {2012-02-12 21:36:44 -0500},
	Journal = {Leonardo},
	Number = {3},
	Pages = {210--215},
	Title = {Educating the New Makers: Cross-Disciplinary Creativity},
	Volume = {42},
	Year = {2009}}

@book{gershenfeld-fab,
	Author = {Neil Gershenfeld},
	Date-Added = {2012-02-12 21:36:31 -0500},
	Date-Modified = {2012-02-12 21:36:31 -0500},
	Publisher = {Basic Books},
	Title = {Fab: The coming revolution on your desktop---from personal computers to personal fabrication},
	Year = {2005}}

@inproceedings{sutherland-sketchpad,
	Author = {Sutherland, Ivan},
	Booktitle = {Spring Joint Computer Conference},
	Date-Added = {2012-02-11 22:25:08 +0000},
	Date-Modified = {2012-02-11 22:25:08 +0000},
	Pages = {329-345},
	Title = {{SketchPad}: A man-machine graphical communication system.},
	Year = {1963}}
