%% This BibTeX bibliography file was created using BibDesk.
%% http://bibdesk.sourceforge.net/


%% Created for Gabe Johnson at 2012-02-16 17:20:07 -0500 


%% Saved with string encoding Unicode (UTF-8) 



@inproceedings{johnson-flow-selection,
	Address = {Venice, Italy},
	Author = {Johnson, Gabe and Gross, Mark D and Do, Ellen Yi-Luen},
	Booktitle = {2006 Conference on Advanced Visual Interfaces},
	Date-Added = {2012-02-16 22:20:02 +0000},
	Date-Modified = {2012-02-16 22:20:02 +0000},
	Pages = {83-86},
	Title = {Flow Selection: A Time-Based Selection and Operation Technique for Sketching Tools},
	Year = {2006}}

@inproceedings{zeleznik-lineogrammer,
	Address = {New York, NY, USA},
	Author = {Zeleznik, Robert C. and Bragdon, Andrew and Liu, Chu-Chi and Forsberg, Andrew},
	Booktitle = {UIST '08: Proceedings of the 21st annual ACM symposium on User interface software and technology},
	Date-Added = {2012-02-16 18:41:03 +0000},
	Date-Modified = {2012-02-16 18:41:03 +0000},
	Doi = {http://doi.acm.org/10.1145/1449715.1449741},
	Isbn = {978-1-59593-975-3},
	Location = {Monterey, CA, USA},
	Pages = {161--170},
	Publisher = {ACM},
	Title = {Lineogrammer: creating diagrams by drawing},
	Year = {2008},
	Bdsk-Url-1 = {http://doi.acm.org/10.1145/1449715.1449741}}

@inproceedings{herot-latch-corners,
	Address = {New York, NY, USA},
	Author = {Christopher F. Herot},
	Booktitle = {SIGGRAPH '76: Proceedings of the 3rd annual conference on Computer graphics and interactive techniques},
	Date-Added = {2012-02-16 15:56:38 +0000},
	Date-Modified = {2012-02-16 15:56:38 +0000},
	Doi = {http://doi.acm.org/10.1145/563274.563294},
	Location = {Philadelphia, Pennsylvania},
	Pages = {97--102},
	Publisher = {ACM},
	Title = {Graphical input through machine recognition of sketches},
	Year = {1976},
	Bdsk-Url-1 = {http://doi.acm.org/10.1145/563274.563294}}

@book{lipson-homefactory,
	Author = {Hod Lipson and Melba Kurman},
	Date-Added = {2012-02-14 00:05:28 +0000},
	Date-Modified = {2012-02-14 00:05:28 +0000},
	Publisher = {Report Commissioned by the Whitehouse Office of Science \& Technology Policy},
	Title = {{Factory@Home}: The emerging economy of personal manufacturing},
	Year = {2010}}

@article{johnson-sketch-review,
	Author = {Gabe Johnson and Mark D. Gross and Jason Hong and Ellen Yi-Luen Do},
	Date-Added = {2012-02-13 23:43:13 +0000},
	Date-Modified = {2012-02-13 23:43:13 +0000},
	Doi = {http:/dx.doi.org/10.1561/1100000013},
	Journal = {Foundations and Trends in Human-Computer Interaction},
	Number = {1},
	Pages = {1-93},
	Title = {Computational Support for Sketching in Design: a Review},
	Volume = {2},
	Year = {2009},
	Bdsk-Url-1 = {http://dx.doi.org/10.1561/1100000013}}

@inproceedings{naya-parsketch,
	Acmid = {1757282},
	Address = {Berlin, Heidelberg},
	Author = {Naya, Ferran and Contero, Manuel and Aleixos, Nuria and Company, Pedro},
	Booktitle = {Proceedings of the 12th international conference on Human-computer interaction: interaction platforms and techniques},
	Date-Added = {2012-02-13 22:15:57 +0000},
	Date-Modified = {2012-02-13 22:15:57 +0000},
	Isbn = {978-3-540-73106-1},
	Location = {Beijing, China},
	Numpages = {10},
	Pages = {115--124},
	Publisher = {Springer-Verlag},
	Series = {HCI'07},
	Title = {ParSketch: a sketch-based interface for a 2D parametric geometry editor},
	Url = {http://portal.acm.org/citation.cfm?id=1757268.1757282},
	Year = {2007},
	Bdsk-Url-1 = {http://portal.acm.org/citation.cfm?id=1757268.1757282}}

@inproceedings{igarashi-teddy,
	Address = {Los Angeles, California},
	Author = {Igarashi, Takeo and Matsuoka, Satoshi and Tanaka, Hidehiko},
	Booktitle = {ACM SIGGRAPH'99},
	Date-Added = {2012-02-13 21:44:29 +0000},
	Date-Modified = {2012-02-13 21:44:29 +0000},
	Pages = {409-416},
	Title = {Teddy: A Sketching Interface for 3D Freeform Design},
	Year = {1999}}

@inproceedings{mori-plushie,
	Author = {Yuki Mori and Takeo Igarashi},
	Booktitle = {Proceedings of SIGGRAPH 2007},
	Date-Added = {2012-02-13 21:44:20 +0000},
	Date-Modified = {2012-02-13 21:44:20 +0000},
	Publisher = {ACM},
	Title = {Plushie: An Interactive Design System for Plush Toys},
	Year = {2007}}

@inproceedings{saul-sketch-chair,
	Author = {Greg Saul and Manfred Lau and Jun Mitani and Takeo Igarashi},
	Booktitle = {Proceedings of the 5th International Conference on Tangible, Embedded and Embodied Interaction (TEI2011)},
	Date-Added = {2012-02-13 21:32:50 +0000},
	Date-Modified = {2012-02-13 21:32:50 +0000},
	Title = {{SketchChair}: An All-in-one Chair Design System for End Users},
	Year = {2011}}

@article{company-sketching-in-engineering,
	Author = {Pedro Company and Manuel Contero and Peter Varley and Nuria Aleixos and Ferran Naya},
	Date-Added = {2012-02-13 20:48:31 +0000},
	Date-Modified = {2012-02-13 20:48:31 +0000},
	Journal = {Computers in Industry},
	Number = {8},
	Pages = {592--603},
	Title = {Computer-Aided Sketching as a Tool to Promote Innovation in the New Product Development Process},
	Volume = {60},
	Year = {2009}}

@inproceedings{dekel-improvised-notation,
	Address = {New York, NY, USA},
	Annote = {Good example of ad-hoc, improvised notation. They observed software engineers making drawings as they designed software. It involved a mixture of user interface diagrams, UML, entitty relationship diagrams, textual lists of goals or classes, and so on. The authors found (predictably) that people don't stick to "formal" representations but instead use colloquial notation that people can make effective use of while designing.},
	Author = {Dekel, Uri and Herbsleb, James D.},
	Booktitle = {OOPSLA '07: Proceedings of the 22nd annual ACM SIGPLAN conference on Object-oriented programming systems and applications},
	Date-Added = {2012-02-13 20:26:05 +0000},
	Date-Modified = {2012-02-13 20:26:05 +0000},
	Doi = {http://doi.acm.org/10.1145/1297027.1297047},
	Isbn = {978-1-59593-786-5},
	Location = {Montreal, Quebec, Canada},
	Pages = {261--280},
	Publisher = {ACM},
	Title = {Notation and representation in collaborative object-oriented design: an observational study},
	Year = {2007},
	Bdsk-Url-1 = {http://doi.acm.org/10.1145/1297027.1297047}}

@article{kara-styling,
	Author = {Levent Burak Kara and Kenji Shimada},
	Date-Added = {2012-02-13 20:23:04 +0000},
	Date-Modified = {2012-02-13 20:23:04 +0000},
	Journal = {Computer-Aided Design \& Applications},
	Number = {6},
	Pages = {867--876},
	Title = {Supporting Early Styling Design of Automobiles Using Sketch-based 3D Shape Construction},
	Volume = {5},
	Year = {2008}}

@inproceedings{wong-rr-prototypes,
	Address = {New York, NY, USA},
	Author = {Yin Yin Wong},
	Booktitle = {CHI '92: Posters and short talks of the 1992 SIGCHI conference on Human factors in computing systems},
	Date-Added = {2012-02-13 20:15:18 +0000},
	Date-Modified = {2012-02-13 20:15:18 +0000},
	Doi = {http://doi.acm.org/10.1145/1125021.1125094},
	Location = {Monterey, California},
	Pages = {83--84},
	Publisher = {ACM},
	Title = {Rough and ready prototypes: lessons from graphic design},
	Year = {1992},
	Bdsk-Url-1 = {http://doi.acm.org/10.1145/1125021.1125094}}

@electronic{nyt-rapidfab,
	Author = {{New York Times}},
	Date-Added = {2012-02-12 21:36:59 -0500},
	Date-Modified = {2012-02-12 21:36:59 -0500},
	Lastchecked = {May 2011},
	Month = {September},
	Title = {{3-D} printing spurs a manufacturing revolution, http://www.nytimes.com/2010/09/14/technology/14print.html},
	Year = {2010}}

@article{economist-fab,
	Author = {{The Economist}},
	Date-Added = {2012-02-12 21:36:53 -0500},
	Date-Modified = {2012-02-12 21:36:53 -0500},
	Month = {September},
	Title = {A factory on your desk. http://www.economist.com/node/14299512},
	Year = {2009}}

@article{gross-new-makers,
	Author = {Mark D. Gross and Ellen Yi-Luen Do},
	Date-Added = {2012-02-12 21:36:44 -0500},
	Date-Modified = {2012-02-12 21:36:44 -0500},
	Journal = {Leonardo},
	Number = {3},
	Pages = {210--215},
	Title = {Educating the New Makers: Cross-Disciplinary Creativity},
	Volume = {42},
	Year = {2009}}

@book{gershenfeld-fab,
	Author = {Neil Gershenfeld},
	Date-Added = {2012-02-12 21:36:31 -0500},
	Date-Modified = {2012-02-12 21:36:31 -0500},
	Publisher = {Basic Books},
	Title = {Fab: The coming revolution on your desktop---from personal computers to personal fabrication},
	Year = {2005}}

@inproceedings{sutherland-sketchpad,
	Author = {Sutherland, Ivan},
	Booktitle = {Spring Joint Computer Conference},
	Date-Added = {2012-02-11 22:25:08 +0000},
	Date-Modified = {2012-02-11 22:25:08 +0000},
	Pages = {329-345},
	Title = {{SketchPad}: A man-machine graphical communication system.},
	Year = {1963}}
