/Users/johnsogg/Projects/sketch-lit-review/sketch-bibliography.bib