%% This BibTeX bibliography file was created using BibDesk.
%% http://bibdesk.sourceforge.net/

@inproceedings{sutherland-sketchpad,
	Author = {Sutherland, Ivan},
	Booktitle = {Spring Joint Computer Conference},
	Date-Added = {2012-02-11 22:25:08 +0000},
	Date-Modified = {2012-02-11 22:25:08 +0000},
	Pages = {329-345},
	Title = {{SketchPad}: A man-machine graphical communication system.},
	Year = {1963}}
