/Users/johnsogg/sketch-lit-review/sketch-bibliography.bib